% Encoding: UTF-8

@InProceedings{8319326,
  author    = {S. {Pandi} and S. {Wunderlich} and F. H. P. {Fitzek}},
  booktitle = {2018 15th IEEE Annual Consumer Communications Networking Conference (CCNC)},
  title     = {Reliable low latency wireless mesh networks — From Myth to reality},
  year      = {2018},
  pages     = {1-2},
  doi       = {10.1109/CCNC.2018.8319326},
}

@InProceedings{7454499,
  author    = {S. {Alanazi} and J. {Al-Muhtadi} and A. {Derhab} and K. {Saleem} and A. N. {AlRomi} and H. S. {Alholaibah} and J. J. P. C. {Rodrigues}},
  booktitle = {2015 17th International Conference on E-health Networking, Application Services (HealthCom)},
  title     = {On resilience of Wireless Mesh routing protocol against DoS attacks in IoT-based ambient assisted living applications},
  year      = {2015},
  pages     = {205-210},
  doi       = {10.1109/HealthCom.2015.7454499},
}

@Misc{enwiki:986340162,
  author = {{Wikipedia contributors}},
  note   = {[Online; accessed 9-February-2021]},
  title  = {Commotion Wireless --- {Wikipedia}{,} The Free Encyclopedia},
  year   = {2020},
  url    = {https://en.wikipedia.org/w/index.php?title=Commotion_Wireless&oldid=986340162},
}

@Misc{enwiki:999715964,
  author = {{Wikipedia contributors}},
  note   = {[Online; accessed 9-February-2021]},
  title  = {Zigbee --- {Wikipedia}{,} The Free Encyclopedia},
  year   = {2021},
  url    = {https://en.wikipedia.org/w/index.php?title=Zigbee&oldid=999715964},
}

@Misc{amin_saeed_2018,
  author = {Amin, Imran and Saeed, Atif},
  title  = {Zigbee protocol},
  year   = {2018},
  url    = {https://www.sciencedirect.com/topics/engineering/zigbee-protocol},
}

@Article{boland_2007,
  author = {Boland, Rita},
  title  = {No Node Left Behind},
  year   = {2007},
  month  = jul,
}

@Misc{enwiki:618641168,
  author = {{Wikipedia contributors}},
  note   = {[Online; accessed 9-February-2021]},
  title  = {Order One Network Protocol --- {Wikipedia}{,} The Free Encyclopedia},
  year   = {2014},
  url    = {https://en.wikipedia.org/w/index.php?title=Order_One_Network_Protocol&oldid=618641168},
}

@Article{toh_1997,
  author  = {Toh, Chai-Keong},
  journal = {Wireless Personal Communications},
  title   = {Associativity-Based Routing for Ad Hoc Mobile Networks},
  year    = {1997},
  pages   = {103–139},
  doi     = {10.1023/A:1008812928561},
}

@Misc{why-starting-batman,
  title   = {Why starting B.A.T.M.A.N. ?},
  journal = {Why-starting-batman - batmand - Open Mesh},
  url     = {https://www.open-mesh.org/projects/batmand/wiki/Why-starting-batman},
}

@Misc{researchgate,
  title   = {Performance Analysis of Various Routing Protocols for Motorway Surveillance System Cameras’ Network},
  journal = {ResearchGate},
  url     = {https://www.researchgate.net/figure/OLSR-Advantages-and-Disadvantages_tbl3_235047709},
}

@Article{clausen_jacquet_2003,
  author  = {Clausen, T and Jacquet, P},
  journal = {Network Working Group},
  title   = {Optimized Link State Routing Protocol (OLSR)},
  year    = {2003},
  url     = {https://tools.ietf.org/html/rfc3626},
}

@Misc{geeksforgeeks_2020,
  month   = jul,
  title   = {Introduction of Mobile Ad hoc Network (MANET)},
  year    = {2020},
  journal = {GeeksforGeeks},
  url     = {https://www.geeksforgeeks.org/introduction-of-mobile-ad-hoc-network-manet/},
}

@Misc{ramanathan_2018,
  author  = {Ramanathan, Ram},
  month   = jul,
  title   = {Understanding Mesh Networking, Part I},
  year    = {2018},
  journal = {In the Mesh},
  url     = {https://inthemesh.com/archive/understanding-mesh-networking-part-i/#:~:text=A%20brief%20history,not%20available%20or%20not%20usable.&amp;text=These%20networks%20used%20bulky%20low,technology%20development%20within%20the%20military.},
}

@Article{parvin_2020,
  author  = {Parvin, J. Rejina},
  journal = {Wireless Mesh Networks - Security, Architectures and Protocols},
  title   = {An Overview of Wireless Mesh Networks},
  year    = {2020},
  doi     = {10.5772/intechopen.83414},
}

@Misc{enwiki:1000318017,
  author = {{Wikipedia contributors}},
  note   = {[Online; accessed 9-February-2021]},
  title  = {Red Hook Wi-Fi --- {Wikipedia}{,} The Free Encyclopedia},
  year   = {2021},
  url    = {https://en.wikipedia.org/w/index.php?title=Red_Hook_Wi-Fi&oldid=1000318017},
}

@Misc{byrum_2020,
  author  = {Byrum, Greta},
  month   = apr,
  title   = {Building the People's Internet},
  year    = {2020},
  journal = {Urban Omnibus},
  url     = {https://urbanomnibus.net/2019/10/building-the-peoples-internet/},
}

@Article{haas,
  author  = {Haas, Z.j.},
  journal = {Proceedings of ICUPC 97 - 6th International Conference on Universal Personal Communications},
  title   = {A new routing protocol for the reconfigurable wireless networks},
  doi     = {10.1109/icupc.1997.627227},
}

@Misc{enwiki:987177004,
  author = {{Wikipedia contributors}},
  note   = {[Online; accessed 9-February-2021]},
  title  = {Fisheye State Routing --- {Wikipedia}{,} The Free Encyclopedia},
  year   = {2020},
  url    = {https://en.wikipedia.org/w/index.php?title=Fisheye_State_Routing&oldid=987177004},
}

@Misc{enwiki:1004659358,
  author = {{Wikipedia contributors}},
  note   = {[Online; accessed 9-February-2021]},
  title  = {Iridium satellite constellation --- {Wikipedia}{,} The Free Encyclopedia},
  year   = {2021},
  url    = {https://en.wikipedia.org/w/index.php?title=Iridium_satellite_constellation&oldid=1004659358},
}

@Misc{enwiki:1003045519,
  author = {{Wikipedia contributors}},
  note   = {[Online; accessed 9-February-2021]},
  title  = {Wireless mesh network --- {Wikipedia}{,} The Free Encyclopedia},
  year   = {2021},
  url    = {https://en.wikipedia.org/w/index.php?title=Wireless_mesh_network&oldid=1003045519},
}

@misc{johnson_2007, 
  title   = {The Dynamic Source Routing Protocol (DSR) for Mobile Ad Hoc Networks for IPv4}, 
  url     = {https://tools.ietf.org/html/rfc4728}, 
  journal = {IETF Tools}, 
  author  = {Johnson, D}, 
  year    = {2007}, 
  month   = {Feb}
}